<record><leader>00000cas a2200000 a 4500</leader><controlfield tag="001">12327794</controlfield><controlfield tag="008">850731d18741876miudn ne      0    0eng c</controlfield><datafield ind1=" " ind2=" " tag="010"><subfield code="a">sn 85026661 </subfield></datafield><datafield ind1=" " ind2=" " tag="040"><subfield code="a">NPX</subfield><subfield code="b">eng</subfield><subfield code="c">NPX</subfield><subfield code="d">MHN</subfield><subfield code="d">OCL</subfield><subfield code="d">OCLCQ</subfield><subfield code="d">OCLCF</subfield><subfield code="d">OCLCO</subfield></datafield><datafield ind1=" " ind2=" " tag="042"><subfield code="a">pcc</subfield></datafield><datafield ind1=" " ind2=" " tag="043"><subfield code="a">n-us-mi</subfield></datafield><datafield ind1="0" ind2=" " tag="130"><subfield code="a">Daily morning times (Grand Rapids, Mich.)</subfield></datafield><datafield ind1="1" ind2="0" tag="245"><subfield code="a">Daily morning times.</subfield></datafield><datafield ind1=" " ind2=" " tag="260"><subfield code="a">Grand Rapids, Mich. :</subfield><subfield code="b">Tarbox &amp; Harris</subfield></datafield><datafield ind1=" " ind2=" " tag="300"><subfield code="a">v.</subfield></datafield><datafield ind1=" " ind2=" " tag="310"><subfield code="a">Daily (except Mon.)</subfield></datafield><datafield ind1="0" ind2=" " tag="362"><subfield code="a">Vol. 5, no. 153 (Oct. 13, 1874)-v. 7, no. 214 (Dec. 28, 1876).</subfield></datafield><datafield ind1=" " ind2=" " tag="500"><subfield code="a">"National Republican," &lt;1876&gt;.</subfield></datafield><datafield ind1=" " ind2="0" tag="651"><subfield code="a">Grand Rapids (Mich.)</subfield><subfield code="v">Newspapers.</subfield></datafield><datafield ind1=" " ind2="0" tag="651"><subfield code="a">Kent County (Mich.)</subfield><subfield code="v">Newspapers.</subfield></datafield><datafield ind1=" " ind2="7" tag="655"><subfield code="a">Newspapers.</subfield><subfield code="2">fast</subfield><subfield code="0">(OCoLC)fst01423814</subfield></datafield><datafield ind1=" " ind2="7" tag="651"><subfield code="a">Michigan</subfield><subfield code="z">Grand Rapids.</subfield><subfield code="2">fast</subfield><subfield code="0">(OCoLC)fst01206920</subfield></datafield><datafield ind1=" " ind2="7" tag="651"><subfield code="a">Michigan</subfield><subfield code="z">Kent County.</subfield><subfield code="2">fast</subfield><subfield code="0">(OCoLC)fst01202912</subfield></datafield><datafield ind1=" " ind2=" " tag="752"><subfield code="a">United States</subfield><subfield code="b">Michigan</subfield><subfield code="c">Kent</subfield><subfield code="d">Grand Rapids.</subfield></datafield><datafield ind1="0" ind2=" " tag="775"><subfield code="t">Grand Rapids weekly times</subfield><subfield code="w">(DLC)sn 85033626</subfield><subfield code="w">(OCoLC)12115870</subfield></datafield><datafield ind1="0" ind2="0" tag="780"><subfield code="t">Grand Rapids daily times (Grand Rapids, Mich. : 1870)</subfield><subfield code="w">(DLC)sn 85026662</subfield><subfield code="w">(OCoLC)12327877</subfield></datafield><datafield ind1="0" ind2="0" tag="785"><subfield code="t">Grand Rapids daily times (Grand Rapids, Mich. : 1876)</subfield><subfield code="w">(DLC)sn 96076987</subfield><subfield code="w">(OCoLC)35265633</subfield></datafield></record>